@book{frost2005,
  title={Elliott wave principle: key to market behavior},
  author={Frost, Alfred John and Prechter, Robert Rougelot},
  year={2005},
  publisher={Elliott Wave International}
}

@article{samuelson1965,
  title={Proof that properly anticipated prices fluctuate randomly},
  author={Samuelson, Paul A},
  journal={Industrial management review},
  volume={6},
  number={2},
  year={1965},
  publisher={MIT Press}
}

@misc{morozov2012,
  title={Dionysus: a C++ library for computing persistent homology},
  author={Morozov, Dimitriy},
howpublished = "\url{http://www.mrzv.org/software/dionysus/}",
year = {2012},
note = “[Online; accessed 12-December-2012]”
}

@book{edelsbrunner2010,
  title={Computational topology: an introduction},
  author={Edelsbrunner, Herbert and Harer, John L},
  year={2010},
  publisher={AMS Bookstore}
}

@misc{tda,
author = {John Harer},
author = {Paul Bendich},
title = {RCA1Portable}
year = {2013}
}

  @Book{ggplot2,
    author = {Hadley Wickham},
    title = {ggplot2: elegant graphics for data analysis},
    publisher = {Springer New York},
    year = {2009},
    isbn = {978-0-387-98140-6},
    url = {http://had.co.nz/ggplot2/book},
  }


  @Manual{phom,
    title = {phom: Persistent Homology in R},
    author = {Andrew Tausz},
    year = {2011},
    note = {Version 1.0.2},
    url = {http://www.stanford.edu/~atausz},
  }



@article{mandelbrot2005,
  title={The (mis) behaviour of markets},
  author={Mandelbrot, Benoit and Hudson, Richard L and Grunwald, Eric},
  journal={The Mathematical Intelligencer},
  volume={27},
  number={3},
  pages={77--79},
  year={2005},
  publisher={Springer}
}

@article{de2011,
  title={Dualities in persistent (co) homology},
  author={De Silva, Vin and Morozov, Dmitriy and Vejdemo-Johansson, Mikael},
  journal={Inverse Problems},
  volume={27},
  number={12},
  pages={124003},
  year={2011},
  publisher={IOP Publishing}
}

@article{muldoon1993,
  title={Topology from time series},
  author={Muldoon, MR and MacKay, RS and Huke, JP and Broomhead, DS},
  journal={Physica D: Nonlinear Phenomena},
  volume={65},
  number={1},
  pages={1--16},
  year={1993},
  publisher={Elsevier}
}

@Manual{rprog,
    title = {R: A Language and Environment for Statistical Computing},
    author = {{R Core Team}},
    organization = {R Foundation for Statistical Computing},
    address = {Vienna, Austria},
    year = {2013},
    url = {http://www.R-project.org/},
  }